%% This BibTeX bibliography file was created using BibDesk.
%% http://bibdesk.sourceforge.net/


%% Created for Kai KÃ¶nig at 2011-06-14 21:59:09 +0200 


%% Saved with string encoding Unicode (UTF-8) 



@webpage{wikiux,
	Date-Added = {2011-06-14 21:57:29 +0200},
	Date-Modified = {2011-06-14 21:58:35 +0200},
	Keywords = {User Experience},
	Lastchecked = {14.06.2011},
	Url = {http://de.wikipedia.org/wiki/User_experience},
	Title = {User Experience} }
